@book{KeR88
  , author    =	{B.W. Kernighan and D.M. Ritchie}
  , title     =	{The C Programming Language (ANSI C)}
  , edition   =	{2nd}
  , publisher =	{Prentice Hall Software series}
  , year      =	{1988}
  , keywords  = {Programming, Imperative}
}
@book{BW88
  , noAUTHOR = "Richard Bird and Philip Wadler"
  , author    = "R. Bird and P. Wadler"
  , TITLE = "Introduction to Functional Programming"
  , publisher = "Prentice-Hall"
  , YEAR = "1988"
  , keywords  = {Programming, Functional}
}
@book{GRM97
  , title     = {The LaTeX Graphics Companion}
  , author    = {Michel Goossens and Sebastian Rahtz and Frank Mittelbach}
  , publisher = {Addison-Wesley}
  , year      = {1997}
  , note      = {ISBN 0-201-85469-4}
  , keywords  = {LaTeX, Programming, Graphics}
}
@book{Fl99
  , title     =   {Java in a Nutshell}
  , author=   {D. Flanagan}
  , publisher =   {O'Reilly \& Associates}
  , edition=  {3rd}
  , year  =   {1999}
  , keywords  = {Java, Programming, OO}
}
@book{La86
  , KEY = "La86"
  , AUTHOR = "L. Lamport"
  , TITLE = "\LaTeX\ --- A Document Preparation System"
  , PUBLISHER = "Addison-Wesley Publishing Company"
  , EDITION = "\nth5"
  , YEAR = "1986"
  , keywords  = {LaTeX}
}

@article{hung2019quantitative,
  title={Quantitative robustness analysis of quantum programs},
  author={Hung, Shih-Han and Hietala, Kesha and Zhu, Shaopeng and Ying, Mingsheng and Hicks, Michael and Wu, Xiaodi},
  journal={Proceedings of the ACM on Programming Languages},
  volume={3},
  number={POPL},
  pages={1--29},
  year={2019},
  publisher={ACM New York, NY, USA}
}


@article{dahlqvist2023syntactic,
  title = {The Syntactic Side of Autonomous Categories Enriched over Generalised Metric Spaces},
  author={Dahlqvist, Fredrik and Neves, Renato},
  year = {2023},
  journal = {Logical Methods in Computer Science},
  volume = {Volume 19, Issue 4},
  publisher = {Episciences.org},
  issn = {1860-5974},
  doi = {10.46298/lmcs-19(4:31)2023}
}



@article{dahlqvist2023complete,
  title={A Complete V-Equational System for Graded lambda-Calculus},
  author={Dahlqvist, Fredrik and Neves, Renato},
  journal={Electronic Notes in Theoretical Informatics and Computer Science},
  volume={3},
  year={2023},
  publisher={Episciences. org}
}

@book{johnstone02,
  title={Sketches of an Elephant: A Topos Theory Compendium: Volume 2},
  author={Johnstone, Peter T},
  volume={2},
  year={2002},
  publisher={Oxford University Press}
}

@book{maclane13,
  title={Categories for the working mathematician},
  author={Mac Lane, Saunders},
  volume={5},
  year={2013},
  publisher={Springer Science \& Business Media}
}

@article{cho15,
  title={An introduction to effectus theory},
  author={Cho, Kenta and Jacobs, Bart and Westerbaan, Bas and Westerbaan, Abraham},
  journal={arXiv preprint arXiv:1512.05813},
  year={2015}
}


@book{nielsen2010quantum,
  title={Quantum computation and quantum information},
  author={Nielsen, Michael A and Chuang, Isaac L},
  year={2010},
  publisher={Cambridge university press},
  doi = {10.1017/CBO9780511976667},
  isbn = {9780511976667}
}

@article{preskill2018quantum,
  title={Quantum computing in the NISQ era and beyond},
  author={Preskill, John},
  journal={Quantum},
  volume={2},
  pages={79},
  year={2018},
  publisher={Verein zur F{\"o}rderung des Open Access Publizierens in den Quantenwissenschaften}
}

@book{watrous2018theory,
  title={The theory of quantum information},
  author={Watrous, John},
  year={2018},
  publisher={Cambridge university press}
}

@book{winskel1993formal,
  title={The formal semantics of programming languages: an introduction},
  author={Winskel, Glynn},
  year={1993},
  publisher={MIT press}
}

@article{selinger2004towards,
  title={Towards a quantum programming language},
  author={Selinger, Peter},
  journal={Mathematical Structures in Computer Science},
  volume={14},
  number={4},
  pages={527--586},
  year={2004},
  publisher={Cambridge University Press}
}

@book{barendregt1984lambda,
  title={The lambda calculus},
  author={Barendregt, Hendrik P and others},
  volume={3},
  year={1984},
  publisher={North-Holland Amsterdam}
}

@article{selinger2006lambda,
  title={A lambda calculus for quantum computation with classical control},
  author={Selinger, Peter and Valiron, Beno{\^\i}t},
  journal={Mathematical Structures in Computer Science},
  volume={16},
  number={3},
  pages={527--552},
  year={2006},
  publisher={Cambridge University Press}
}

@inproceedings{tao2021gleipnir,
  title={Gleipnir: toward practical error analysis for Quantum programs},
  author={Tao, Runzhou and Shi, Yunong and Yao, Jianan and Hui, John and Chong, Frederic T and Gu, Ronghui},
  booktitle={Proceedings of the 42nd ACM SIGPLAN International Conference on Programming Language Design and Implementation},
  pages={48--64},
  year={2021}
}

@book{ying2016foundations,
  title={Foundations of quantum programming},
  author={Ying, Mingsheng},
  year={2016},
  publisher={Morgan Kaufmann}
}

@article{selinger2009quantum,
  title={Quantum lambda calculus},
  author={Selinger, Peter and Valiron, Beno{\i}t and others},
  journal={Semantic techniques in quantum computation},
  pages={135--172},
  year={2009}
}

@article{wootters1982single,
  title={A single quantum cannot be cloned},
  author={Wootters, William K and Zurek, Wojciech H},
  journal={Nature},
  volume={299},
  number={5886},
  pages={802--803},
  year={1982},
  publisher={Nature Publishing Group UK London}
}


@misc{Qiskit,
    author = {{Qiskit contributors}},
    title = {Qiskit: An Open-source Framework for Quantum Computing},
    year = {2023},
    doi = {10.5281/zenodo.2573505}
}
@inproceedings{green2013quipper,
  title={Quipper: a scalable quantum programming language},
  author={Green, Alexander S and Lumsdaine, Peter LeFanu and Ross, Neil J and Selinger, Peter and Valiron, Beno{\^\i}t},
  booktitle={Proceedings of the 34th ACM SIGPLAN conference on Programming language design and implementation},
  pages={333--342},
  year={2013}
}

@inproceedings{bichsel2020silq,
  title={Silq: A high-level quantum language with safe uncomputation and intuitive semantics},
  author={Bichsel, Benjamin and Baader, Maximilian and Gehr, Timon and Vechev, Martin},
  booktitle={Proceedings of the 41st ACM SIGPLAN Conference on Programming Language Design and Implementation},
  pages={286--300},
  year={2020}
}

@article{paykin2017qwire,
  title={QWIRE: a core language for quantum circuits},
  author={Paykin, Jennifer and Rand, Robert and Zdancewic, Steve},
  journal={ACM SIGPLAN Notices},
  volume={52},
  number={1},
  pages={846--858},
  year={2017},
  publisher={ACM New York, NY, USA}
}

@article{chakraborty2011quect,
  title={QuECT: a new quantum programming paradigm},
  author={Chakraborty, Arnab},
  journal={arXiv preprint arXiv:1104.0497},
  year={2011}
}

@article{selinger2008fully,
  title={On a fully abstract model for a quantum linear functional language},
  author={Selinger, Peter and Valiron, Beno{\^\i}t},
  journal={Electronic Notes in Theoretical Computer Science},
  volume={210},
  pages={123--137},
  year={2008},
  publisher={Elsevier}
}



@inproceedings{grover1996fast,
  title={A fast quantum mechanical algorithm for database search},
  author={Grover, Lov K},
  booktitle={Proceedings of the twenty-eighth annual ACM symposium on Theory of computing},
  pages={212--219},
  year={1996}
}

@inproceedings{shor1994algorithms,
  title={Algorithms for quantum computation: discrete logarithms and factoring},
  author={Shor, Peter W},
  booktitle={Proceedings 35th annual symposium on foundations of computer science},
  pages={124--134},
  year={1994},
  organization={Ieee}
}

@article{burgholzer2020advanced,
  title={Advanced equivalence checking for quantum circuits},
  author={Burgholzer, Lukas and Wille, Robert},
  journal={IEEE Transactions on Computer-Aided Design of Integrated Circuits and Systems},
  volume={40},
  number={9},
  pages={1810--1824},
  year={2020},
  publisher={IEEE}
}

%aproximar gates
@article{harrow2002efficient,
  title={Efficient discrete approximations of quantum gates},
  author={Harrow, Aram W and Recht, Benjamin and Chuang, Isaac L},
  journal={Journal of Mathematical Physics},
  volume={43},
  number={9},
  pages={4445--4451},
  year={2002},
  publisher={American Institute of Physics}
}


@article{fowler2012surface,
  title={Surface codes: Towards practical large-scale quantum computation},
  author={Fowler, Austin G and Mariantoni, Matteo and Martinis, John M and Cleland, Andrew N},
  journal={Physical Review A},
  volume={86},
  number={3},
  pages={032324},
  year={2012},
  publisher={APS}
}

@book{gottesman1997stabilizer,
  title={Stabilizer codes and quantum error correction},
  author={Gottesman, Daniel},
  year={1997},
  publisher={California Institute of Technology}
}

@article{calderbank1996good,
  title={Good quantum error-correcting codes exist},
  author={Calderbank, A Robert and Shor, Peter W},
  journal={Physical Review A},
  volume={54},
  number={2},
  pages={1098},
  year={1996},
  publisher={APS}
}

@article{steane1996error,
  title={Error correcting codes in quantum theory},
  author={Steane, Andrew M},
  journal={Physical Review Letters},
  volume={77},
  number={5},
  pages={793},
  year={1996},
  publisher={APS}
}

@article{wallman2016noise,
  title={Noise tailoring for scalable quantum computation via randomized compiling},
  author={Wallman, Joel J and Emerson, Joseph},
  journal={Physical Review A},
  volume={94},
  number={5},
  pages={052325},
  year={2016},
  publisher={APS}
}


@inproceedings{murali2019noise,
  title={Noise-adaptive compiler mappings for noisy intermediate-scale quantum computers},
  author={Murali, Prakash and Baker, Jonathan M and Javadi-Abhari, Ali and Chong, Frederic T and Martonosi, Margaret},
  booktitle={Proceedings of the twenty-fourth international conference on architectural support for programming languages and operating systems},
  pages={1015--1029},
  year={2019}
}

@inproceedings{gottesman2010introduction,
  title={An introduction to quantum error correction and fault-tolerant quantum computation},
  author={Gottesman, Daniel},
  booktitle={Quantum information science and its contributions to mathematics, Proceedings of Symposia in Applied Mathematics},
  volume={68},
  pages={13--58},
  year={2010}
}


@inproceedings{svore2018q,
  title={Q\# enabling scalable quantum computing and development with a high-level dsl},
  author={Svore, Krysta and Geller, Alan and Troyer, Matthias and Azariah, John and Granade, Christopher and Heim, Bettina and Kliuchnikov, Vadym and Mykhailova, Mariia and Paz, Andres and Roetteler, Martin},
  booktitle={Proceedings of the real world domain specific languages workshop 2018},
  pages={1--10},
  year={2018}
}

@article{zorzi2016quantum,
  title={On quantum lambda calculi: a foundational perspective},
  author={Zorzi, Margherita},
  journal={Mathematical Structures in Computer Science},
  volume={26},
  number={7},
  pages={1107--1195},
  year={2016},
  publisher={Cambridge University Press}
}

@article{chong2017programming,
  title={Programming languages and compiler design for realistic quantum hardware},
  author={Chong, Frederic T and Franklin, Diana and Martonosi, Margaret},
  journal={Nature},
  volume={549},
  number={7671},
  pages={180--187},
  year={2017},
  publisher={Nature Publishing Group UK London}
}

@inproceedings{perdrix2008quantum,
  title={Quantum entanglement analysis based on abstract interpretation},
  author={Perdrix, Simon},
  booktitle={International Static Analysis Symposium},
  pages={270--282},
  year={2008},
  organization={Springer}
}

@inproceedings{mardare2016quantitative,
  title={Quantitative algebraic reasoning},
  author={Mardare, Radu and Panangaden, Prakash and Plotkin, Gordon},
  booktitle={Proceedings of the 31st Annual ACM/IEEE Symposium on Logic in Computer Science},
  pages={700--709},
  year={2016}
}

@inproceedings{mardare2017axiomatizability,
  title={On the axiomatizability of quantitative algebras},
  author={Mardare, Radu and Panangaden, Prakash and Plotkin, Gordon},
  booktitle={2017 32nd Annual ACM/IEEE Symposium on Logic in Computer Science (LICS)},
  pages={1--12},
  year={2017},
  organization={IEEE}
}

@inproceedings{benton1994mixed,
  title={A mixed linear and non-linear logic: Proofs, terms and models},
  author={Benton, P Nick},
  booktitle={International Workshop on Computer Science Logic},
  pages={121--135},
  year={1994},
  organization={Springer}
}

@book{girard1995advances,
  title={Advances in linear logic},
  author={Girard, Jean-Yves and Lafont, Yves and Regnier, Laurent},
  volume={222},
  year={1995},
  publisher={Cambridge University Press}
}

@article{feynman2018simulating,
  title={Simulating physics with computers},
  author={Feynman, Richard P.},
  journal={International Journal of Theoretical Physics},
  volume={21},
  number={6-7},
  year={1982}
}

@article{barenco1995elementary,
  title={Elementary gates for quantum computation},
  author={Barenco, Adriano and Bennett, Charles H and Cleve, Richard and DiVincenzo, David P and Margolus, Norman and Shor, Peter and Sleator, Tycho and Smolin, John A and Weinfurter, Harald},
  journal={Physical review A},
  volume={52},
  number={5},
  pages={3457},
  year={1995},
  publisher={APS}
}

@article{lloyd1999quantum,
  title={Quantum computation over continuous variables},
  author={Lloyd, Seth and Braunstein, Samuel L},
  journal={Physical Review Letters},
  volume={82},
  number={8},
  pages={1784},
  year={1999},
  publisher={APS}
}

@article{zhao2020quantum,
  title={Quantum software engineering: Landscapes and horizons},
  author={Zhao, Jianjun},
  journal={arXiv preprint arXiv:2007.07047},
  year={2020}
}


@book{croleCategoriesTypes1994,
  title = {Categories for {{Types}}},
  author = {Crole, Roy L.},
  year = {1994},
  publisher = {Cambridge University Press},
  location = {Cambridge},
  doi = {10.1017/CBO9781139172707}
}


@article{chareton2021formal,
  title={Formal methods for quantum programs: A survey},
  author={Chareton, Christophe and Bardin, S{\'e}bastien and Lee, Dongho and Valiron, Beno{\^\i}t and Vilmart, Renaud and Xu, Zhaowei},
  journal={arXiv preprint arXiv:2109.06493},
  year={2021}
}

@article{serrano2022quantum,
  title={Quantum software components and platforms: Overview and quality assessment},
  author={Serrano, Manuel A and Cruz-Lemus, Jose A and Perez-Castillo, Ricardo and Piattini, Mario},
  journal={ACM Computing Surveys},
  volume={55},
  number={8},
  pages={1--31},
  year={2022},
  publisher={ACM New York, NY}
}

@misc{selinger2013lecture,
      title={Lecture notes on the lambda calculus}, 
      author={Peter Selinger},
      year={2013},
      eprint={0804.3434},
      archivePrefix={arXiv},
      primaryClass={cs.LO}
}

@book{hefferon2006linear,
  title={Linear algebra},
  author={Hefferon, Jim},
  year={2006},
  publisher={-}
}



@book{guide2006infinite,
  title = {Infinite {{Dimensional Analysis}}},
  year = {2006},
  author = {Aliprantis, Charalambos D. and Border, Kim C.},
  publisher = {Springer-Verlag},
  location = {Berlin/Heidelberg},
  doi = {10.1007/3-540-29587-9},
  isbn = {978-3-540-29586-0},
  langid = {english}
}




@article{deutsch1985quantum,
  title={Quantum theory, the Church--Turing principle and the universal quantum computer},
  author={Deutsch, David},
  journal={Proceedings of the Royal Society of London. A. Mathematical and Physical Sciences},
  volume={400},
  number={1818},
  pages={97--117},
  year={1985},
  publisher={The Royal Society London}
}
@inproceedings{tannu2019mitigating,
  title={Mitigating measurement errors in quantum computers by exploiting state-dependent bias},
  author={Tannu, Swamit S and Qureshi, Moinuddin K},
  booktitle={Proceedings of the 52nd annual IEEE/ACM international symposium on microarchitecture},
  pages={279--290},
  year={2019}
}

@article{salles2008experimental,
  title={Experimental investigation of the dynamics of entanglement: Sudden death, complementarity, and continuous monitoring of the environment},
  author={Salles, Alejo and de Melo, Fernando and Almeida, MP and Hor-Meyll, Malena and Walborn, SP and Ribeiro, PH Souto and Davidovich, Luiz},
  journal={Physical Review A},
  volume={78},
  number={2},
  pages={022322},
  year={2008},
  publisher={APS}
}

@article{zurek1991decoherence,
  title={Decoherence and the transition from quantum to classical},
  author={Zurek, Wojciech H},
  journal={Physics today},
  volume={44},
  number={10},
  pages={36--44},
  year={1991},
  publisher={American Institute of Physics}
}


@article{Wang_2011,
  title = {Fidelity of Structured Amplitude-Damping Channels},
  author = {Wang, Jing and Jiang, Li and Zhang, Han and Zhang, Hanzhuang and Zhang, Liquan},
  year = {2011},
  journaltitle = {Physica Scripta},
  volume = {83},
  number = {4},
  pages = {045008},
  doi = {10.1088/0031-8949/83/04/045008},
  abstract = {We study the properties of the fidelity of one-qubit operations in amplitude damping channels and reveal their properties as a function of coupling to the photonic crystal environment. We show that there is a direct connection between the information fidelity and the detuning of the atomic frequency from the photonic band gap (PBG). When the atomic transition frequency is far inside the band gap, the time evolution of the fidelity maintains asymptotically a steady-state value and can be controlled by the controllable PBG environment. We finally study the entanglement fidelity of the two-qubit system in this quantum channel. The theoretical results could be applied to the implementation of linear-optical and solid-state quantum information processing in nanostructured materials.}
}

@article{schlosshauer2005decoherence,
  title={Decoherence, the measurement problem, and interpretations of quantum mechanics},
  author={Schlosshauer, Maximilian},
  journal={Reviews of Modern physics},
  volume={76},
  number={4},
  pages={1267},
  year={2005},
  publisher={APS}
}

@article{bennett1993teleporting,
  title={Teleporting an unknown quantum state via dual classical and Einstein-Podolsky-Rosen channels},
  author={Bennett, Charles H and Brassard, Gilles and Cr{\'e}peau, Claude and Jozsa, Richard and Peres, Asher and Wootters, William K},
  journal={Physical review letters},
  volume={70},
  number={13},
  pages={1895},
  year={1993},
  publisher={APS}
}

@article{briegel1998quantum,
  title={Quantum repeaters: the role of imperfect local operations in quantum communication},
  author={Briegel, H-J and D{\"u}r, Wolfgang and Cirac, Juan I and Zoller, Peter},
  journal={Physical Review Letters},
  volume={81},
  number={26},
  pages={5932},
  year={1998},
  publisher={APS}
}

@article{gottesman1999demonstrating,
  title={Demonstrating the viability of universal quantum computation using teleportation and single-qubit operations},
  author={Gottesman, Daniel and Chuang, Isaac L},
  journal={Nature},
  volume={402},
  number={6760},
  pages={390--393},
  year={1999},
  publisher={Nature Publishing Group UK London}
}

@article{kimble2008quantum,
  title={The quantum internet},
  author={Kimble, H Jeff},
  journal={Nature},
  volume={453},
  number={7198},
  pages={1023--1030},
  year={2008},
  publisher={Nature Publishing Group}
}

@article{ghalaii2020capacity,
  title={Capacity-approaching quantum repeaters for quantum communications},
  author={Ghalaii, Masoud and Pirandola, Stefano},
  journal={Physical Review A},
  volume={102},
  number={6},
  pages={062412},
  year={2020},
  publisher={APS}
}

@article{einstein1935can,
  title={Can quantum-mechanical description of physical reality be considered complete?},
  author={Einstein, Albert and Podolsky, Boris and Rosen, Nathan},
  journal={Physical review},
  volume={47},
  number={10},
  pages={777},
  year={1935},
  publisher={APS}
}

@article{bernays1936alonzo,
  title={Alonzo Church. An unsolvable problem of elementary number theory. American journal of mathematics, vol. 58 (1936), pp. 345--363.},
  author={Bernays, Paul},
  journal={The Journal of Symbolic Logic},
  volume={1},
  number={2},
  pages={73--74},
  year={1936},
  publisher={Cambridge University Press}
}

@article{shulman2019practical,
  title={A practical type theory for symmetric monoidal categories},
  author={Shulman, Michael},
  journal={Theory and Applications of Categories},
  volume={37},
  number={5},
  pages={863--907},
  year={2021}
}

@article{backus1960report,
  title={Report on the algorithmic language ALGOL 60},
  author={Backus, John W and Bauer, Friedrich L and Green, Julien and Katz, Charles and McCarthy, John and Perlis, Alan J and Rutishauser, Heinz and Samelson, Klaus and Vauquois, Bernard and Wegstein, Joseph Henry and others},
  journal={Communications of the ACM},
  volume={3},
  number={5},
  pages={299--311},
  year={1960},
  publisher={ACM New York, NY, USA}
}

@book{rudin91functional,
  title={Functional Analysis},
  author={Walter Rudin},
  year={1991},
  publisher={McGraw-Hill}
}

@book{dummit2004abstract,
  title={Abstract algebra},
  author={Dummit, David Steven and Foote, Richard M},
  volume={2},
  year={1999},
  publisher={John Wiley and Sons,}
}

@article{bell1964einstein,
  title={On the einstein podolsky rosen paradox},
  author={Bell, John S},
  journal={Physics Physique Fizika},
  volume={1},
  number={3},
  pages={195},
  year={1964},
  publisher={APS}
}

@article{aspect1982experimental,
  title={Experimental test of Bell's inequalities using time-varying analyzers},
  author={Aspect, Alain and Dalibard, Jean and Roger, G{\'e}rard},
  journal={Physical review letters},
  volume={49},
  number={25},
  pages={1804},
  year={1982},
  publisher={APS}
}

@article{pan1998experimental,
  title={Experimental entanglement swapping: entangling photons that never interacted},
  author={Pan, Jian-Wei and Bouwmeester, Dik and Weinfurter, Harald and Zeilinger, Anton},
  journal={Physical review letters},
  volume={80},
  number={18},
  pages={3891},
  year={1998},
  publisher={APS}
}


@article{tittel1998experimental,
  title={Experimental demonstration of quantum correlations over more than 10 km},
  author={Tittel, Wolfgang and Brendel, J{\"u}rgen and Gisin, Bernard and Herzog, Thomas and Zbinden, Hugo and Gisin, Nicolas},
  journal={Physical Review A},
  volume={57},
  number={5},
  pages={3229},
  year={1998},
  publisher={APS}
}

@article{yin2017satellite,
  title={Satellite-based entanglement distribution over 1200 kilometers},
  author={Yin, Juan and Cao, Yuan and Li, Yu-Huai and Liao, Sheng-Kai and Zhang, Liang and Ren, Ji-Gang and Cai, Wen-Qi and Liu, Wei-Yue and Li, Bo and Dai, Hui and others},
  journal={Science},
  volume={356},
  number={6343},
  pages={1140--1144},
  year={2017},
  publisher={American Association for the Advancement of Science}
}

@article{lidar2019lecture,
  title={Lecture notes on the theory of open quantum systems},
  author={Lidar, Daniel A},
  journal={arXiv preprint arXiv:1902.00967},
  year={2019},
  doi =	{10.48550/arXiv.1902.00967}
}



@book{itskov2007tensor,
  title={Tensor algebra and tensor analysis for engineers},
  author={Itskov, Mikhail and others},
  year={2007},
  publisher={Springer}
}



@book{bogachevMeasureTheory2007,
  title = {Measure {{Theory}}},
  author = {Bogachev, Vladimir I.},
  year = {2007},
  publisher = {Springer},
  location = {Berlin, Heidelberg},
  doi = {10.1007/978-3-540-34514-5},
  isbn = {978-3-540-34513-8 978-3-540-34514-5}}


  @inproceedings{dahlqvistSemanticsProbabilisticProgramming2020a,
  title = {Semantics of {{Probabilistic Programming}}: {{A Gentle Introduction}}},
  booktitle = {Foundations of {{Probabilistic Programming}}},
  author = {Dahlqvist, Fredrik and Silva, Alexandra and Kozen, Dexter},
  editor = {Barthe, Gilles and Katoen, Joost-Pieter and Silva, Alexandra},
  year = {2020},
  edition = {1},
  pages = {1--42},
  publisher = {Cambridge University Press},
  doi = {10.1017/9781108770750.002},
  isbn = {978-1-108-77075-0 978-1-108-48851-8}
}

@book{athreyaMeasureTheoryProbability2006,
  title = {Measure {{Theory}} and {{Probability Theory}}},
  author = {Athreya, Krishna B. and Lahiri, Soumendra N.},
  year = {2006},
  publisher = {Springer Science \& Business Media},
  isbn = {978-0-387-32903-1},
  langid = {english},
  pagetotal = {625}
}


@book{tsybakov2008,
  title = {Introduction to {{Nonparametric Estimation}}},
  author = {Tsybakov, Alexandre B.},
  year = {2008},
  edition = {1},
  publisher = {Springer Publishing Company, Incorporated},
  isbn = {978-0-387-79051-0},
  pagetotal = {214}
}


@online{yanofskyMonoidalCategoryTheory2024,
  title = {Monoidal {{Category Theory}}: {{Unifying Concepts}} in {{Mathematics}}, {{Physics}}, and {{Computing}} ({Lecture} {Slides})},
  shorttitle = {Monoidal {{Category Theory}}},
  author = {Yanofsky, Noson S.},
  year = {2024}
}

@article{eilenbergGeneralTheoryNatural1945,
  title = {General {{Theory}} of {{Natural Equivalences}}},
  author = {Eilenberg, Samuel and MacLane, Saunders},
  year = {1945},
  journal = {Transactions of the American Mathematical Society},
  volume = {58},
  number = {2},
  eprinttype = {jstor},
  pages = {231--294},
  publisher = {American Mathematical Society},
  issn = {0002-9947},
  doi = {10.2307/1990284}
}

@book{bartheFoundationsProbabilisticProgramming2020,
  title = {Foundations of {{Probabilistic Programming}}},
  editor = {Barthe, Gilles and Katoen, Joost-Pieter and Silva, Alexandra},
  year = {2020},
  publisher = {Cambridge University Press},
  location = {Cambridge},
  doi = {10.1017/9781108770750},
  isbn = {978-1-108-48851-8}
}

@book{awodeyCategoryTheory2010,
  title = {Category {{Theory}}},
  author = {Awodey, Steve and Awodey, Steve},
  year = {2010},
  series = {Oxford {{Logic Guides}}},
  edition = {Second Edition, Second Edition},
  publisher = {Oxford University Press},
  location = {Oxford, New York},
  isbn = {978-0-19-923718-0},
  pagetotal = {336}
}

@book{conwayCourseOperatorTheory2000,
  title = {A {{Course}} in {{Operator Theory}}},
  author = {Conway, John B.},
  year = {2000},
  publisher = {American Mathematical Society},
  location = {Providence (R.I.)},
  isbn = {978-0-8218-2065-0},
  langid = {english},
  pagetotal = {372}
}


@book{blackadarOperatorAlgebrasTheory2010,
  title = {Operator {{Algebras}}: {{Theory}} of {{C}}*-{{Algebras}} and von {{Neumann Algebras}}},
  shorttitle = {Operator {{Algebras}}},
  author = {Blackadar, Bruce},
  year = {2010},
  publisher = {Springer Berlin Heidelberg},
  isbn = {978-3-642-06673-3},
  langid = {english},
  pagetotal = {517}
}

@book{ryanIntroductionTensorProducts2013,
  title = {Introduction to {{Tensor Products}} of {{Banach Spaces}}},
  author = {Ryan, Raymond A.},
  year = {2013},
  publisher = {Springer Science \& Business Media},
  isbn = {978-1-4471-3903-4},
  langid = {english},
  pagetotal = {229}}

  @book{conwayCourseFunctionalAnalysis2007,
  title = {A {{Course}} in {{Functional Analysis}}},
  author = {Conway, John B.},
  year = {2007},
  series = {Graduate {{Texts}} in {{Mathematics}}},
  volume = {96},
  publisher = {Springer},
  location = {New York, NY},
  doi = {10.1007/978-1-4757-4383-8},
  isbn = {978-1-4419-3092-7 978-1-4757-4383-8},
  langid = {english}
}

@book{barrCategoryTheoryComputing1990,
  title = {Category {{Theory}} for {{Computing Science}}},
  author = {Barr, Michael and Wells, Charles},
  year = {1990},
  publisher = {Prentice Hall},
  isbn = {978-0-13-120486-7},
  pagetotal = {456}
}

@article{mackieLanguageAutonomous1993,
  title = {An Internal Language for Autonomous Categories},
  author = {Mackie, Ian and Román, Leopoldo and Abramsky, Samson},
  year = {1993},
  journal = {Applied Categorical Structures},
  shortjournal = {Appl Categor Struct},
  volume = {1},
  number = {3},
  pages = {311--343},
  issn = {1572-9095},
  doi = {10.1007/BF00873993}
}

@online{selingerLectureNotesLambda2013,
  title = {Lecture Notes on the Lambda Calculus},
  author = {Selinger, Peter},
  year = {2013},
  eprint = {0804.3434},
  eprinttype = {arXiv},
  eprintclass = {cs},
  doi = {10.48550/arXiv.0804.3434},
  abstract = {This is a set of lecture notes that developed out of courses on the lambda calculus that I taught at the University of Ottawa in 2001 and at Dalhousie University in 2007 and 2013. Topics covered in these notes include the untyped lambda calculus, the Church-Rosser theorem, combinatory algebras, the simply-typed lambda calculus, the Curry-Howard isomorphism, weak and strong normalization, polymorphism, type inference, denotational semantics, complete partial orders, and the language PCF.},
  pubstate = {prepublished},
  keywords = {Computer Science - Logic in Computer Science}
}


@book{gierzContinuousLatticesDomains2003,
  title = {Continuous {{Lattices}} and {{Domains}}},
  author = {Gierz, G. and Hofmann, K. H. and Keimel, K. and Lawson, J. D. and Mislove, M. and Scott, D. S.},
  year = {2003},
  series = {Encyclopedia of {{Mathematics}} and Its {{Applications}}},
  publisher = {Cambridge University Press},
  location = {Cambridge},
  doi = {10.1017/CBO9780511542725},
  isbn = {978-0-521-80338-0}}


  @book{daveyIntroductionLatticesOrder2002,
  title = {Introduction to {{Lattices}} and {{Order}}},
  author = {Davey, B. A. and Priestley, H. A.},
  year = {2002},
  edition = {2},
  publisher = {Cambridge University Press},
  location = {Cambridge},
  doi = {10.1017/CBO9780511809088},
  isbn = {978-0-521-78451-1}
}

@article{carboniConnectedLimitsFamilial1995,
  title = {Connected Limits, Familial Representability and {{Artin}} Glueing},
  author = {Carboni, Aurelio and Johnstone, Peter},
  year = {1995},
  journal = {Mathematical Structures in Computer Science},
  volume = {5},
  number = {4},
  pages = {441--459},
  issn = {1469-8072, 0960-1295},
  doi = {10.1017/S0960129500001183}
}


@inproceedings{dallagoQuantitativeAlgebraicHigherOrder2022,
  title = {On {{Quantitative Algebraic Higher-Order Theories}}},
  booktitle = {7th {{International Conference}} on {{Formal Structures}} for {{Computation}} and {{Deduction}} ({{FSCD}} 2022)},
  author = {Dal Lago, Ugo and Honsell, Furio and Lenisa, Marina and Pistone, Paolo},
  editor = {Felty, Amy P.},
  date = {2022},
  series = {Leibniz {{International Proceedings}} in {{Informatics}} ({{LIPIcs}})},
  volume = {228},
  pages = {4:1--4:18},
  publisher = {Schloss Dagstuhl – Leibniz-Zentrum für Informatik},
  location = {Dagstuhl, Germany},
  issn = {1868-8969},
  doi = {10.4230/LIPIcs.FSCD.2022.4},
  isbn = {978-3-95977-233-4}
}

@article{church1936,
  title = {An {{Unsolvable Problem}} of {{Elementary Number Theory}}},
  author = {Church, Alonzo},
  year = {1936},
  journal = {American Journal of Mathematics},
  volume = {58},
  number = {2},
  eprint = {2371045},
  eprinttype = {jstor},
  pages = {345--363},
  publisher = {The Johns Hopkins University Press},
  issn = {0002-9327},
  doi = {10.2307/2371045}
}

@article{turingComputableNumbersApplication1937,
  title = {On {{Computable Numbers}}, with an {{Application}} to the {{Entscheidungsproblem}}},
  author = {Turing, A. M.},
  date = {1937},
  journal = {Proceedings of the London Mathematical Society},
  volume = {s2-42},
  number = {1},
  pages = {230--265},
  issn = {1460-244X},
  doi = {10.1112/plms/s2-42.1.230}
}



@book{hilbert1928,
  title = {Grundzüge Der {{Theoretischen Logik}}},
  author = {Hilbert, D. and Ackermann, W.},
  year = {1928},
  publisher = {Springer},
  location = {Berlin, Heidelberg}
}

@incollection{Godel,
  title = {Chapter 71 - {{Kurt Gödel}}, Paper on the Incompleteness Theorems (1931)},
  booktitle = {Landmark {{Writings}} in {{Western Mathematics}} 1640-1940},
  author = {Zach, Richard},
  editor = {Grattan-Guinness, I. and Cooke, Roger and Corry, Leo and Crépel, Pierre and Guicciardini, Niccolo},
  year = {2005},
  pages = {917--925},
  publisher = {Elsevier Science},
  location = {Amsterdam},
  doi = {10.1016/B978-044450871-3/50152-2},
  isbn = {978-0-444-50871-3}
}


@book{girardProofsTypes1989,
  title = {Proofs and {{Types}}},
  author = {Girard, Jean-Yves and Lafont, Yves and Taylor, Paul},
  year = {1989},
  publisher = {Cambridge University Press},
  location = {Cambridge England ; New York},
  isbn = {978-0-521-37181-0},
  langid = {english},
  pagetotal = {192}
}



@inproceedings{dahlqvistInternalLanguage2022,
  title = {An {{Internal Language}} for {{Categories Enriched}} over {{Generalised Metric Spaces}}},
  booktitle = {30th {{EACSL Annual Conference}} on {{Computer Science Logic}} ({{CSL}} 2022)},
  author = {Dahlqvist, Fredrik and Neves, Renato},
  editor = {Manea, Florin and Simpson, Alex},
  year = {2022},
  series = {Leibniz {{International Proceedings}} in {{Informatics}} ({{LIPIcs}})},
  volume = {216},
  pages = {16:1--16:18},
  publisher = {Schloss Dagstuhl – Leibniz-Zentrum für Informatik},
  location = {Dagstuhl, Germany},
  issn = {1868-8969},
  doi = {10.4230/LIPIcs.CSL.2022.16},
  isbn = {978-3-95977-218-1}
}


@book{winskel93,
  title = {The Formal Semantics of Programming Languages: An Introduction},
  shorttitle = {The Formal Semantics of Programming Languages},
  author = {Winskel, Glynn},
  year = {1993},
  publisher = {MIT Press},
  location = {Cambridge, MA, USA},
  isbn = {978-0-262-23169-5},
  pagetotal = {361}
}

@article{mio24,
  author       = {Matteo Mio and
                  Ralph Sarkis and
                  Valeria Vignudelli},
  title        = {Universal Quantitative Algebra for Fuzzy Relations and Generalised
                  Metric Spaces},
  journal      = {Log. Methods Comput. Sci.},
  volume       = {20},
  number       = {4},
  year         = {2024},
  doi          = {10.46298/LMCS-20(4:19)2024}
}

@article{jurka24,
  author       = {Jan Jurka and
                  Stefan Milius and
                  Henning Urbat},
  title        = {Algebraic Reasoning over Relational Structures},
  journal      = {CoRR},
  volume       = {abs/2401.08445},
  year         = {2024},
  doi          = {10.48550/ARXIV.2401.08445},
  eprinttype    = {arXiv}
}

@inproceedings{lago22,
  author       = {Ugo Dal Lago and
                  Furio Honsell and
                  Marina Lenisa and
                  Paolo Pistone},
  editor       = {Amy P. Felty},
  title        = {On Quantitative Algebraic Higher-Order Theories},
  booktitle    = {7th International Conference on Formal Structures for Computation
                  and Deduction, {FSCD} 2022, August 2-5, 2022, Haifa, Israel},
  series       = {LIPIcs},
  volume       = {228},
  pages        = {4:1--4:18},
  publisher    = {Schloss Dagstuhl - Leibniz-Zentrum f{\"{u}}r Informatik},
  year         = {2022},
  doi          = {10.4230/LIPICS.FSCD.2022.4}
}

@inproceedings{crubilleMetricReasoninglambda2017,
  title = {Metric {{Reasoning About}} \$\$\textbackslash lambda \$\$-{{Terms}}: {{The General Case}}},
  shorttitle = {Metric {{Reasoning About}} \$\$\textbackslash lambda \$\$-{{Terms}}},
  booktitle = {Programming {{Languages}} and {{Systems}}},
  author = {Crubillé, Raphaëlle and Dal Lago, Ugo},
  editor = {Yang, Hongseok},
  year = {2017},
  pages = {341--367},
  publisher = {Springer},
  location = {Berlin, Heidelberg},
  doi = {10.1007/978-3-662-54434-1_13},
  isbn = {978-3-662-54434-1}
}


@inproceedings{crubilleMetricReasoningLterms2015,
  title = {Metric Reasoning about λ-Terms: {{The}} Affine Case},
  shorttitle = {Metric Reasoning about λ-Terms},
  booktitle = {2015 30th {{Annual ACM}}/{{IEEE Symposium}} on {{Logic}} in {{Computer Science}}},
  author = {Crubillé, Raphaëlle and Dal Lago, Ugo},
  year = {2015},
  pages = {633--644},
  issn = {1043-6871},
  doi = {10.1109/LICS.2015.64}
}

@article{de1956computability,
  title={Computability by probabilistic machines},
  author={De Leeuw, Karel and Moore, Edward F and Shannon, Claude E and Shapiro, Norman},
  journal={Automata studies},
  volume={34},
  pages={183--198},
  year={1956}
}


@book{pearl2014,
  title = {Probabilistic {{Reasoning}} in {{Intelligent Systems}}: {{Networks}} of {{Plausible Inference}}},
  shorttitle = {Probabilistic {{Reasoning}} in {{Intelligent Systems}}},
  author = {Pearl, Judea},
  year = {2014},
  eprint = {mn2jBQAAQBAJ},
  eprinttype = {googlebooks},
  publisher = {Elsevier},
  isbn = {978-0-08-051489-5},
  langid = {english},
  pagetotal = {573}
}

@article{thrun2002robotic,
  title={Robotic mapping: A survey},
  author={Thrun, Sebastian and others},
  year={2002},
  publisher={School of Computer Science, Carnegie Mellon University Pittsburgh}
}


@book{manning1999foundations,
  title = {Foundations of {{Statistical Natural Language Processing}}},
  author = {Manning, Christopher and Schutze, Hinrich},
  year = {1999},
  eprinttype = {googlebooks},
  publisher = {MIT Press},
  isbn = {978-0-262-13360-9},
  langid = {english},
  pagetotal = {722}
}

@article{goldwasserProbabilisticEncryption1984,
  title = {Probabilistic Encryption},
  author = {Goldwasser, Shafi and Micali, Silvio},
  year = {1984},
  journal = {Journal of Computer and System Sciences},
  shortjournal = {Journal of Computer and System Sciences},
  volume = {28},
  number = {2},
  pages = {270--299},
  issn = {0022-0000},
  doi = {10.1016/0022-0000(84)90070-9}
}

@inproceedings{Church2008,
author = {Goodman, Noah D. and Mansinghka, Vikash K. and Roy, Daniel and Bonawitz, Keith and Tenenbaum, Joshua B.},
title = {Church: a language for generative models},
year = {2008},
isbn = {0974903949},
publisher = {AUAI Press},
address = {Arlington, Virginia, USA},
pages = {220–229},
numpages = {10},
location = {Helsinki, Finland},
series = {UAI'08}
}


@inproceedings{Anglican2015,
  title={Probabilistic programming in Anglican},
  author={Tolpin, David and van de Meent, Jan-Willem and Wood, Frank},
  booktitle={Machine Learning and Knowledge Discovery in Databases: European Conference, ECML PKDD 2015, Porto, Portugal, September 7-11, 2015, Proceedings, Part III 15},
  pages={308--311},
  year={2015},
  organization={Springer}
}

@book{motwaniRandomizedAlgorithms1995,
  title = {Randomized {{Algorithms}}},
  author = {Motwani, Rajeev and Raghavan, Prabhakar},
  year = {1995},
  eprinttype = {googlebooks},
  publisher = {Cambridge University Press},
  isbn = {978-0-521-47465-8},
  langid = {english},
  pagetotal = {496},
}


@article{choSemanticsQuantumProgramming2016,
  title = {Semantics for a {{Quantum Programming Language}} by {{Operator Algebras}}},
  author = {Cho, Kenta},
  year = {2016},
  journal = {New Generation Computing},
  shortjournal = {New Gener. Comput.},
  volume = {34},
  number = {1},
  pages = {25--68},
  issn = {1882-7055},
  doi = {10.1007/s00354-016-0204-3}
}

@online{choNeumannAlgebrasForm2016,
  title = {Von {{Neumann Algebras}} Form a {{Model}} for the {{Quantum Lambda Calculus}}},
  author = {Cho, Kenta and Westerbaan, Abraham},
  year = {2016},
  eprint = {1603.02133},
  eprinttype = {arXiv},
  eprintclass = {cs},
  doi = {10.48550/arXiv.1603.02133},
  abstract = {We present a model of Selinger and Valiron's quantum lambda calculus based on von Neumann algebras, and show that the model is adequate with respect to the operational semantics.},
  pubstate = {prepublished},
  keywords = {Computer Science - Logic in Computer Science,Mathematics - Operator Algebras,Quantum Physics}
}

@inproceedings{selinger2008linear,
  title={A linear-non-linear model for a computational call-by-value lambda calculus},
  author={Selinger, Peter and Valiron, Beno{\^\i}t},
  booktitle={International Conference on Foundations of Software Science and Computational Structures},
  pages={81--96},
  year={2008},
  organization={Springer}
}

@article{selinger2004b,
author = {Selinger, Peter},
year = {2004},
month = {01},
pages = {127-143},
title = {Towards a semantics for higher-order quantum computation},
journal = {Proceedings of the 2nd International Workshop on Quantum Programming Languages}
}




@inproceedings{selinger2014,
author = {Pagani, Michele and Selinger, Peter and Valiron, Beno\^{\i}t},
title = {Applying quantitative semantics to higher-order quantum computing},
year = {2014},
isbn = {9781450325448},
publisher = {Association for Computing Machinery},
address = {New York, NY, USA},
doi = {10.1145/2535838.2535879},
abstract = {Finding a denotational semantics for higher order quantum computation is a long-standing problem in the semantics of quantum programming languages. Most past approaches to this problem fell short in one way or another, either limiting the language to an unusably small finitary fragment, or giving up important features of quantum physics such as entanglement. In this paper, we propose a denotational semantics for a quantum lambda calculus with recursion and an infinite data type, using constructions from quantitative semantics of linear logic.},
booktitle = {Proceedings of the 41st ACM SIGPLAN-SIGACT Symposium on Principles of Programming Languages},
pages = {647–658},
numpages = {12},
keywords = {quantum computation, higher-order, functional programming, completely positive maps, categorical model},
location = {San Diego, California, USA},
series = {POPL '14}
}


@book{jonesImplementationFunctionalProgramming,
  title = {The Implementation of Functional Programming Languages},
  author = {Jones, Simon Peyton},
  year = {1987},
  publisher = {Prentice Hall}
}



@book{paulsenCompletelyBoundedMaps2003,
  title = {Completely {{Bounded Maps}} and {{Operator Algebras}}},
  author = {Paulsen, Vern},
  year = {2003},
  series = {Cambridge {{Studies}} in {{Advanced Mathematics}}},
  publisher = {Cambridge University Press},
  location = {Cambridge},
  doi = {10.1017/CBO9780511546631},
  isbn = {978-0-521-81669-4}}

@book{effrosOperatorSpaces2000,
  title = {Operator {{Spaces}}},
  author = {Effros, Edward G. and Ruan, Zhong-Jin},
  year = {2000},
  publisher = {Clarendon Press},
  isbn = {978-0-19-853482-2},
  pagetotal = {388}
}

@book{pisierIntroductionOperatorSpace2003,
  title = {Introduction to {{Operator Space Theory}}},
  author = {Pisier, Gilles},
  year = {2003},
  series = {London {{Mathematical Society Lecture Note Series}}},
  publisher = {Cambridge University Press},
  location = {Cambridge},
  doi = {10.1017/CBO9781107360235},
  isbn = {978-0-521-81165-1}
}

@article{venegasQuantumWalksComprehensive2012,
  title = {Quantum Walks: A Comprehensive Review},
  author = {Venegas-Andraca, Salvador Elías},
  year = {2012},
  journal = {Quantum Information Processing},
  volume = {11},
  number = {5},
  pages = {1015--1106},
  issn = {1573-1332},
  doi = {10.1007/s11128-012-0432-5}
}

@book{heinosaariMathematicalLanguageQuantum2011,
  title = {The {{Mathematical Language}} of {{Quantum Theory}}: {{From Uncertainty}} to {{Entanglement}}},
  shorttitle = {The {{Mathematical Language}} of {{Quantum Theory}}},
  author = {Heinosaari, Teiko and Ziman, Mário},
  year = {2011},
  publisher = {Cambridge University Press},
  location = {Cambridge},
  doi = {10.1017/CBO9781139031103},
  isbn = {978-0-521-19583-6}
}

@book{romanAdvancedLinearAlgebra1992,
  title = {Advanced {{Linear Algebra}}},
  author = {Roman, Steven},
  year = {1992},
  series = {Graduate {{Texts}} in {{Mathematics}}},
  volume = {135},
  publisher = {Springer},
  location = {New York, NY},
  doi = {10.1007/978-1-4757-2178-2},
  isbn = {978-1-4757-2180-5 978-1-4757-2178-2}
}

@book{pedersenAnalysisNow1989,
  title = {Analysis {{Now}}},
  author = {Pedersen, Gert K.},
  year = {1989},
  series = {Graduate {{Texts}} in {{Mathematics}}},
  volume = {118},
  publisher = {Springer},
  location = {New York, NY},
  doi = {10.1007/978-1-4612-1007-8},
  isbn = {978-1-4612-6981-6 978-1-4612-1007-8}
}


@book{sakaiCAlgebrasWAlgebras1998,
  title = {C*-{{Algebras}} and {{W}}*-{{Algebras}}},
  author = {Sakai, Shôichirô},
  year = {1998},
  series = {Classics in {{Mathematics}}},
  volume = {60},
  publisher = {Springer},
  location = {Berlin, Heidelberg},
  doi = {10.1007/978-3-642-61993-9},
  isbn = {978-3-540-63633-5 978-3-642-61993-9}
}

@book{takesakiTheoryOperatorAlgebras1979,
  title = {Theory of {{Operator Algebras I}}},
  editor = {Takesaki, Masamichi},
  year = {1979},
  publisher = {Springer},
  location = {New York, NY},
  doi = {10.1007/978-1-4612-6188-9},
  isbn = {978-1-4612-6190-2 978-1-4612-6188-9},
  langid = {english}
}

@book{pisierTensorProductsCAlgebras2020,
  title = {Tensor {{Products}} of {{C}}*-{{Algebras}} and {{Operator Spaces}}: {{The Connes}}–{{Kirchberg Problem}}},
  shorttitle = {Tensor {{Products}} of {{C}}*-{{Algebras}} and {{Operator Spaces}}},
  author = {Pisier, Gilles},
  year = {2020},
  series = {London {{Mathematical Society Student Texts}}},
  publisher = {Cambridge University Press},
  location = {Cambridge},
  doi = {10.1017/9781108782081},
  isbn = {978-1-108-47901-1}}

  
@online{ferreiraProblemaDecisaoMaquina,
  type = {Text.Chapter},
  title = {O problema da decisão e a máquina universal de Turing},
  author = {Ferreira, Fernando},
  url = {https://ebooks.uminho.pt/index.php/uminho/catalog/view/5/8/185},
  urldate = {2025-07-10},
  langid = {portuguese},
  organization = {UMinho Editora},
  file = {C:\Users\mona_\Zotero\storage\NBRH4IB2\185.html}
}

@article{barnett2009qsd,
  title={Quantum state discrimination},
  author={Barnett, Stephen M and Croke, Sarah},
  journal={Advances in Optics and Photonics},
  volume={1},
  number={2},
  pages={238--278},
  year={2009},
  publisher={Optical Society of America}
}

@book{barnett2009qinfo,
author = {Barnett, Stephen},
title = {Quantum Information},
year = {2009},
isbn = {0198527632},
publisher = {Oxford University Press, Inc.},
address = {USA}
}

@article{Gisin02qcripto,
  title = {Quantum cryptography},
  author = {Gisin, Nicolas and Ribordy, Gr\'egoire and Tittel, Wolfgang and Zbinden, Hugo},
  journal = {Rev. Mod. Phys.},
  volume = {74},
  issue = {1},
  pages = {145--195},
  numpages = {0},
  year = {2002},
  month = {Mar},
  publisher = {American Physical Society},
  doi = {10.1103/RevModPhys.74.145}
}

@article{godelVollstandigkeitAxiomeLogischen1930,
  title = {Die {{Vollständigkeit}} Der {{Axiome}} Des Logischen {{Funktionenkalküls}}},
  author = {Gödel, Kurt},
  year = {1930-12-01},
  journal = {Monatshefte für Mathematik und Physik},
  shortjournal = {Monatshefte für Mathematik und Physik},
  volume = {37},
  number = {1},
  pages = {349--360},
  issn = {1436-5081},
  doi = {10.1007/BF01696781}
}

@book{franzenGodelsTheorem2008,
  title = {Gödel's {{Theorem}}},
  author = {Franzén, Torkel},
  date = {2008},
  publisher = {A. K. Peters},
  location = {Wellesley, Mass},
  abstract = {"Among the many expositions of Gödel's incompleteness theorems written for non-specialists, this book stands apart. With exceptional clarity, Franzén gives careful, non-technical explanations both of what those theorems say and, more importantly, what they do not. No other book aims, as his does, to address in detail the misunderstandings and abuses of the incompleteness theorems that are so rife in popular discussions of their significance. As an antidote to the many spurious appeals to incompleteness in theological, anti-mechanist and post-modernist debates, it is a valuable addition to the literature." --- John W. Dawson, author of Logical Dilemmas: The Life and Work of Kurt Gödel},
  isbn = {978-1-56881-238-0},
  langid = {english},
  pagetotal = {172}
}

@article{lambek1980lambda,
  title={From lambda-calculus to cartesian closed categories},
  author={Lambek, Joachim},
  journal={To HB Curry: essays on combinatory logic, lambda calculus and formalism},
  pages={375--402},
  year={1980},
  publisher={Academic Press London}
}


@book{lambekscott988,
  title = {Introduction to {{Higher-Order Categorical Logic}}},
  author = {Lambek, J. and Scott, P. J.},
  year = {1988},
  eprinttype = {googlebooks},
  publisher = {Cambridge University Press},
  isbn = {978-0-521-35653-4},
  langid = {english},
  pagetotal = {308}}


@article{churchFormulationSimpleTheory1940,
  title = {A {{Formulation}} of the {{Simple Theory}} of {{Types}}},
  author = {Church, Alonzo},
  date = {1940},
  journaltitle = {The Journal of Symbolic Logic},
  volume = {5},
  number = {2},
  eprint = {2266170},
  eprinttype = {jstor},
  pages = {56--68},
  publisher = {Association for Symbolic Logic},
  issn = {0022-4812},
  doi = {10.2307/2266170}
}


@article{Giovannetti_Quantum_Metrology,
  title = {Quantum Metrology},
  author = {Giovannetti, Vittorio and Lloyd, Seth and Maccone, Lorenzo},
  journal = {Phys. Rev. Lett.},
  volume = {96},
  issue = {1},
  pages = {010401},
  numpages = {4},
  year = {2006},
  month = {Jan},
  publisher = {American Physical Society},
  doi = {10.1103/PhysRevLett.96.010401}
}

@article{Zhou_Limits_Noisy_Quantum_Metrology ,
  title = {Limits of Noisy Quantum Metrology with Restricted Quantum Controls},
  author = {Zhou, Sisi},
  journal = {Phys. Rev. Lett.},
  volume = {133},
  issue = {17},
  pages = {170801},
  numpages = {7},
  year = {2024},
  month = {Oct},
  publisher = {American Physical Society},
  doi = {10.1103/PhysRevLett.133.170801}
}

@article{Multiple_copy_two_state_discrimination,
  title = {Multiple-copy two-state discrimination with individual measurements},
  author = {Ac\'{\i}n, A. and Bagan, E. and Baig, M. and Masanes, Ll. and Mu\~noz-Tapia, R.},
  journal = {Phys. Rev. A},
  volume = {71},
  issue = {3},
  pages = {032338},
  numpages = {5},
  year = {2005},
  month = {Mar},
  publisher = {American Physical Society},
  doi = {10.1103/PhysRevA.71.032338}
}

@MISC{guarded_ultrametric,
  title = {A Metric Model of Lambda Calculus with Guarded Recursion},
  author = {Lars Birkedal and Jan Schwinghammer and Kristian Støvring},
  year = {2010},
  month = {Aug},
  booktitle = {Fixed Points in Computer Science (FICS'10)},
  howpublished = {Informal workshop proceedings},
}

@inproceedings{Ultrametric_reactive,
author = {Krishnaswami, Neelakantan R. and Benton, Nick},
title = {Ultrametric Semantics of Reactive Programs},
year = {2011},
isbn = {9780769544120},
publisher = {IEEE Computer Society},
address = {USA},
doi = {10.1109/LICS.2011.38},
abstract = {We describe a denotational model of higher-order functional reactive programming using ultra metric spaces and non expansive maps, which provide a natural Cartesian closed generalization of causal stream functions and guarded recursive definitions. We define a type theory corresponding to this semantics and show that it satisfies normalization. Finally, we show how to efficiently implement reactive programs written in this language using an imperatively updated data flow graph, and give a separation logic proof that this low-level implementation is correct with respect to the high-level semantics.},
booktitle = {Proceedings of the 2011 IEEE 26th Annual Symposium on Logic in Computer Science},
pages = {257–266},
numpages = {10},
series = {LICS '11}
}

@book{deneckeGaloisConnectionsApplications2004,
  title = {Galois {{Connections}} and {{Applications}}},
  editor = {Denecke, K. and Erné, M. and Wismath, S. L.},
  year = {2004},
  publisher = {Springer Netherlands},
  location = {Dordrecht},
  doi = {10.1007/978-1-4020-1898-5},
  isbn = {978-90-481-6540-7 978-1-4020-1898-5}
}

@article{dahlqvistCompleteVEquationalSystem2023,
  title = {A {{Complete V-Equational System}} for {{Graded}} Lambda-{{Calculus}}},
  author = {Dahlqvist, Fredrik and Neves, Renato},
  year = {2023},
  journal = {Electronic Notes in Theoretical Informatics and Computer Science},
  volume = {Volume 3 - Proceedings of MFPS XXXIX},
  publisher = {Episciences.org},
  issn = {2969-2431},
  doi = {10.46298/entics.12299}
}

@book{goubault-larrecqNonHausdorffTopologyDomain2013,
  title = {Non-{{Hausdorff Topology}} and {{Domain Theory}}: {{Selected Topics}} in {{Point-Set Topology}}},
  shorttitle = {Non-{{Hausdorff Topology}} and {{Domain Theory}}},
  author = {Goubault-Larrecq, Jean},
  year = {2013},
  series = {New {{Mathematical Monographs}}},
  publisher = {Cambridge University Press},
  location = {Cambridge},
  doi = {10.1017/CBO9781139524438},
  isbn = {978-1-107-03413-6}
}

@online{westerbaanCategoryNeumannAlgebras2019,
  title = {The {{Category}} of {{Von Neumann Algebras}}},
  author = {Westerbaan, Abraham A.},
  year = {2019},
  eprint = {1804.02203},
  eprinttype = {arXiv},
  eprintclass = {math},
  doi = {10.48550/arXiv.1804.02203},
  pubstate = {prepublished}
}


@article{heisenbergUeberQuantentheoretischeUmdeutung1925,
  title = {Über quantentheoretische Umdeutung kinematischer und mechanischer Beziehungen.},
  author = {Heisenberg, W.},
  year = {1925},
  journaltitle = {Zeitschrift für Physik},
  shortjournal = {Z. Physik},
  volume = {33},
  number = {1},
  pages = {879--893},
  issn = {0044-3328},
  doi = {10.1007/BF01328377},
  langid = {ngerman}
}

@article{bornZurQuantenmechanik1925,
  title = {Zur Quantenmechanik},
  author = {Born, M. and Jordan, P.},
  year = {1925},
  journaltitle = {Zeitschrift für Physik},
  shortjournal = {Z. Physik},
  volume = {34},
  number = {1},
  pages = {858--888},
  issn = {0044-3328},
  doi = {10.1007/BF01328531},
  langid = {ngerman}
}

@article{neumann1927wahrscheinlichkeitstheoretischer,
  title={Wahrscheinlichkeitstheoretischer aufbau der quantenmechanik},
  author={Neumann, J von},
  journal={Nachrichten von der Gesellschaft der Wissenschaften zu G{\"o}ttingen, Mathematisch-Physikalische Klasse},
  volume={1927},
  pages={245--272},
  year={1927}
}

@book{bratteliOperatorAlgebrasQuantum1987,
  title = {Operator {{Algebras}} and {{Quantum Statistical Mechanics}} 1},
  author = {Bratteli, Ola and Robinson, Derek W.},
  year = {1987},
  publisher = {Springer},
  location = {Berlin, Heidelberg},
  doi = {10.1007/978-3-662-02520-8},
  isbn = {978-3-642-05736-6 978-3-662-02520-8}
}

@book{arakiMathematicalTheoryQuantum1999,
  title = {Mathematical {{Theory}} of {{Quantum Fields}}},
  author = {Araki, Huzihiro},
  year = {1999},
  publisher = {Oxford University Press},
  isbn = {978-0-19-851773-3},
  langid = {english},
  pagetotal = {254}
}


@article{haagAlgebraicApproachQuantum1964,
  title = {An {{Algebraic Approach}} to {{Quantum Field Theory}}},
  author = {Haag, Rudolf and Kastler, Daniel},
  year = {1964},
  journaltitle = {Journal of Mathematical Physics},
  journal = {Journal of Mathematical Physics},
  volume = {5},
  number = {7},
  pages = {848--861},
  issn = {0022-2488},
  doi = {10.1063/1.1704187}
}


@article{keylFundamentalsQuantumInformation2002,
  title = {Fundamentals of Quantum Information Theory},
  author = {Keyl, Michael},
  year = {2002},
  journal = {Physics Reports},
  shortjournal = {Physics Reports},
  volume = {369},
  number = {5},
  pages = {431--548},
  issn = {0370-1573},
  doi = {10.1016/S0370-1573(02)00266-1}
}

@book{connesNoncommutativeGeometry1995,
  title = {Noncommutative {{Geometry}}},
  author = {Connes, Alain},
  year = {1995},
  eprinttype = {googlebooks},
  publisher = {Academic Press},
  isbn = {978-0-08-057175-1},
  langid = {english},
  pagetotal = {678}
}

@book{hamhalterQuantumMeasureTheory2003,
  title = {Quantum {{Measure Theory}}},
  author = {Hamhalter, Jan},
  year = {2003},
  eprinttype = {googlebooks},
  publisher = {Springer Science \& Business Media},
  isbn = {978-1-4020-1714-8},
  langid = {english},
  pagetotal = {424}
}

@article{HansQuantumProbabilityQuantumInformationTheory10,
author = {Maassen, Hans},
year = {2010},
month = {07},
pages = {65-108},
title = {Quantum Probability and Quantum Information Theory},
volume = {808},
isbn = {978-3-642-11913-2},
journal = {Lecture Notes in Physics},
doi = {10.1007/978-3-642-11914-9_3}
}

@book{pedersenCalgebrasTheirAutomorphism1979,
  title = {C*-Algebras and {{Their Automorphism Groups}}},
  author = {Pedersen, Gert Kjaergård},
  year = {1979},
  publisher = {Academic Press},
  isbn = {978-0-12-549450-2},
  langid = {english},
  pagetotal = {448}
}

@mastersthesis{Cho2014,
  author  = {Kenta Cho},
  title   = {Semantics for a Quantum Programming Language by Operator Algebras},
  school  = {The University of Tokyo},
  year    = {2014},
  month   = {Feb},
  note    = {Master's thesis}
}

@book{brownCalgebrasFinitedimensionalApproximations,
  title = {C*-Algebras and {{Finite-dimensional Approximations}}},
  author = {Brown, Nathanial Patrick and Ozawa, Narutaka},
  year = {2008},
  eprinttype = {googlebooks},
  publisher = {American Mathematical Soc.},
  isbn = {978-0-8218-7250-5},
  langid = {english},
  pagetotal = {534}
}

@incollection{abramskyIntroductionCategoriesCategorical2011,
  title = {Introduction to {{Categories}} and {{Categorical Logic}}},
  booktitle = {New {{Structures}} for {{Physics}}},
  author = {Abramsky, S. and Tzevelekos, N.},
  editor = {Coecke, Bob},
  date = {2011},
  pages = {3--94},
  publisher = {Springer},
  location = {Berlin, Heidelberg},
  doi = {10.1007/978-3-642-12821-9_1},
  isbn = {978-3-642-12821-9},
  langid = {english}
}

@article{STUBBE201495,
  title = {An Introduction to Quantaloid-Enriched Categories},
  author = {Stubbe, Isar},
  year = {2014},
  journaltitle = {Fuzzy Sets and Systems. An International Journal in Information Science and Engineering},
  shortjournal = {Fuzzy Sets and Systems},
  volume = {256},
  pages = {95--116},
  issn = {0165-0114},
  doi = {10.1016/j.fss.2013.08.009}
}

@article{Yu_trace_non_inc,
  title = {Error metric for non-trace-preserving quantum operations},
  author = {Shi, Yu and Waks, Edo},
  journal = {Phys. Rev. A},
  volume = {108},
  issue = {3},
  pages = {032609},
  numpages = {15},
  year = {2023},
  month = {Sep},
  publisher = {American Physical Society},
  doi = {10.1103/PhysRevA.108.032609}
}


@book{borceuxHandbookCategoricalAlgebra1994,
  title = {Handbook of {{Categorical Algebra}}: {{Volume}} 2: {{Categories}} and {{Structures}}},
  shorttitle = {Handbook of {{Categorical Algebra}}},
  author = {Borceux, Francis},
  year = {1994},
  series = {Encyclopedia of {{Mathematics}} and Its {{Applications}}},
  volume = {2},
  publisher = {Cambridge University Press},
  location = {Cambridge},
  doi = {10.1017/CBO9780511525865},
  isbn = {978-0-521-44179-7}
}



@book{zakon2011mathematical,
  title={Mathematical Analysis I},
  author={Zakon, Elias},
  year={2011},
  publisher={The Saylor Foundation}
}

@online{December2020Product,
  title = {December 2020 Product Updates},
  url = {https://quantum.cloud.ibm.com/announcements/en/product-updates/2020-12-01-product-updates},
  urldate = {2025-08-03},
  langid = {english},
  author = {IBM Quantum Documentation}
}


@MISC{bmql25,
title = {On the Additive Structure of Quantalic $\lambda$-Calculus},
author = {Salgado, Bruna and Neves, Renato},
year = {2025},
howpublished = {BMQL 2025},
url={https://bmql25.cs.aau.dk/}
}

@book{kreyszigIntroductoryFunctionalAnalysis2007,
  title = {Introductory {{Functional Analysis}} with {{Applications}}},
  author = {Kreyszig},
  date = {2007-03},
  publisher = {Wiley India Pvt. Limited},
  abstract = {Market\_Desc: · Undergraduate and Graduate Students in Mathematics and Physics· Engineering· Instructors},
  isbn = {978-81-265-1191-4},
  langid = {english},
  pagetotal = {710}
}














