@book{maclane13,
  title={Categories for the working mathematician},
  author={Mac Lane, Saunders},
  volume={5},
  year={2013},
  publisher={Springer Science \& Business Media}
}
@article{cho15,
  title={An introduction to effectus theory},
  author={Cho, Kenta and Jacobs, Bart and Westerbaan, Bas and Westerbaan, Abraham},
  journal={arXiv preprint arXiv:1512.05813},
  year={2015}
}
@book{johnstone02,
  title={Sketches of an Elephant: A Topos Theory Compendium: Volume 2},
  author={Johnstone, Peter T},
  volume={2},
  year={2002},
  publisher={Oxford University Press}
}
@article{selinger04,
  title={Towards a quantum programming language},
  author={Selinger, Peter},
  journal={Mathematical Structures in Computer Science},
  volume={14},
  number={4},
  pages={527--586},
  year={2004},
  publisher={Cambridge University Press}
}
@article{bennett1993teleporting,
  title={Teleporting an unknown quantum state via dual classical and Einstein-Podolsky-Rosen channels},
  author={Bennett, Charles H and Brassard, Gilles and Cr{\'e}peau, Claude and Jozsa, Richard and Peres, Asher and Wootters, William K},
  journal={Physical review letters},
  volume={70},
  number={13},
  pages={1895},
  year={1993},
  publisher={APS}
}

@article{briegel1998quantum,
  title={Quantum repeaters: the role of imperfect local operations in quantum communication},
  author={Briegel, H-J and D{\"u}r, Wolfgang and Cirac, Juan I and Zoller, Peter},
  journal={Physical Review Letters},
  volume={81},
  number={26},
  pages={5932},
  year={1998},
  publisher={APS}
}


@article{gottesman1999demonstrating,
  title={Demonstrating the viability of universal quantum computation using teleportation and single-qubit operations},
  author={Gottesman, Daniel and Chuang, Isaac L},
  journal={Nature},
  volume={402},
  number={6760},
  pages={390--393},
  year={1999},
  publisher={Nature Publishing Group UK London}
}

@article{kimble2008quantum,
  title={The quantum internet},
  author={Kimble, H Jeff},
  journal={Nature},
  volume={453},
  number={7198},
  pages={1023--1030},
  year={2008},
  publisher={Nature Publishing Group}
}

@book{helstromQuantumDetectionEstimation1976,
  title = {Quantum {{Detection}} and {{Estimation Theory}}},
  author = {Helstrom},
  year = {1976},
  eprint = {Ne3iT_QLcsMC},
  eprinttype = {googlebooks},
  publisher = {Academic Press},
  abstract = {Quantum Detection and Estimation Theory},
  isbn = {978-0-08-095632-9},
  langid = {english},
  pagetotal = {321},
  keywords = {Computers / Information Theory,Mathematics / General}
}

@article{barnett2009quantum,
  title={Quantum state discrimination},
  author={Barnett, Stephen M and Croke, Sarah},
  journal={Advances in Optics and Photonics},
  volume={1},
  number={2},
  pages={238--278},
  year={2009},
  publisher={Optical Society of America}
}

@article{dahlqvist2023syntactic,
  title = {The Syntactic Side of Autonomous Categories Enriched over Generalised Metric Spaces},
  author={Dahlqvist, Fredrik and Neves, Renato},
  year = {2023},
  journal = {Logical Methods in Computer Science},
  volume = {Volume 19, Issue 4},
  publisher = {Episciences.org},
  issn = {1860-5974},
  doi = {10.46298/lmcs-19(4:31)2023}
}


@book{watrous2018theory,
  title={The theory of quantum information},
  author={Watrous, John},
  year={2018},
  publisher={Cambridge university press},
  doi = {10.1017/9781316848142},
  isbn = {978-1-107-18056-7}
}

@book{nielsen2010quantum,
  title={Quantum computation and quantum information},
  author={Nielsen, Michael A and Chuang, Isaac L},
  year={2010},
  publisher={Cambridge university press},
  doi = {10.1017/CBO9780511976667},
  isbn = {9780511976667}
}

@article{salles2008experimental,
  title={Experimental investigation of the dynamics of entanglement: Sudden death, complementarity, and continuous monitoring of the environment},
  author={Salles, Alejo and de Melo, Fernando and Almeida, MP and Hor-Meyll, Malena and Walborn, SP and Ribeiro, PH Souto and Davidovich, Luiz},
  journal={Physical Review A},
  doi = {10.1103/PhysRevA.78.022322},
  volume={78},
  number={2},
  pages={022322},
  year={2008},
  publisher={APS}
}

@article{Wang_2011,
doi = {10.1088/0031-8949/83/04/045008},
year = {2011},
month = {mar},
publisher = {},
volume = {83},
number = {4},
pages = {045008},
author = {Jing Wang and Li Jiang and Han Zhang and Hanzhuang Zhang and Liquan Zhang},
title = {Fidelity of structured amplitude-damping channels},
journal = {Physica Scripta}
}


