@book{barthe20,
  editor       = {Gilles Barthe and
                  Joost{-}Pieter Katoen and
                  Alexandra Silva},
  title        = {Foundations of Probabilistic Programming},
  publisher    = {Cambridge University Press},
  year         = {2020},
  url          = {https://doi.org/10.1017/9781108770750},
  doi          = {10.1017/9781108770750},
  isbn         = {9781108770750},
  timestamp    = {Wed, 02 Apr 2025 15:57:48 +0200},
  biburl       = {https://dblp.org/rec/books/cu/20/BKS2020.bib},
  bibsource    = {dblp computer science bibliography, https://dblp.org}
}
@article{mio24,
  author       = {Matteo Mio and
                  Ralph Sarkis and
                  Valeria Vignudelli},
  title        = {Universal Quantitative Algebra for Fuzzy Relations and Generalised
                  Metric Spaces},
  journal      = {Log. Methods Comput. Sci.},
  volume       = {20},
  number       = {4},
  year         = {2024},
  url          = {https://doi.org/10.46298/lmcs-20(4:19)2024},
  doi          = {10.46298/LMCS-20(4:19)2024},
  timestamp    = {Mon, 03 Mar 2025 22:18:19 +0100},
  biburl       = {https://dblp.org/rec/journals/lmcs/MioSV24.bib},
  bibsource    = {dblp computer science bibliography, https://dblp.org}
}
@inproceedings{lago22,
  author       = {Ugo Dal Lago and
                  Furio Honsell and
                  Marina Lenisa and
                  Paolo Pistone},
  editor       = {Amy P. Felty},
  title        = {On Quantitative Algebraic Higher-Order Theories},
  booktitle    = {7th International Conference on Formal Structures for Computation
                  and Deduction, {FSCD} 2022, August 2-5, 2022, Haifa, Israel},
  series       = {LIPIcs},
  volume       = {228},
  pages        = {4:1--4:18},
  publisher    = {Schloss Dagstuhl - Leibniz-Zentrum f{\"{u}}r Informatik},
  year         = {2022},
  url          = {https://doi.org/10.4230/LIPIcs.FSCD.2022.4},
  doi          = {10.4230/LIPICS.FSCD.2022.4},
  timestamp    = {Wed, 21 Aug 2024 22:46:00 +0200},
  biburl       = {https://dblp.org/rec/conf/fscd/LagoHLP22.bib},
  bibsource    = {dblp computer science bibliography, https://dblp.org}
}
@article{jurka24,
  author       = {Jan Jurka and
                  Stefan Milius and
                  Henning Urbat},
  title        = {Algebraic Reasoning over Relational Structures},
  journal      = {CoRR},
  volume       = {abs/2401.08445},
  year         = {2024},
  url          = {https://doi.org/10.48550/arXiv.2401.08445},
  doi          = {10.48550/ARXIV.2401.08445},
  eprinttype    = {arXiv},
  eprint       = {2401.08445},
  timestamp    = {Thu, 01 Feb 2024 15:35:36 +0100},
  biburl       = {https://dblp.org/rec/journals/corr/abs-2401-08445.bib},
  bibsource    = {dblp computer science bibliography, https://dblp.org}
}
@book{aliprantis06,
  author = {Aliprantis, Charalambos D. and Border, Kim C.},
  doi = {10.1007/3-540-29587-9},
  isbn = {9783540326960 3540326960},
  publisher = {Springer},
  title = {Infinite Dimensional Analysis: a Hitchhiker's Guide},
  year = 2006
}

@book{dudley18,
  title={Real analysis and probability},
  author={Dudley, Richard M},
  year={2018},
  publisher={Chapman and Hall/CRC}
}
@article{dahlqvist19,
  title={Semantics of higher-order probabilistic programs with conditioning},
  author={Dahlqvist, Fredrik and Kozen, Dexter},
  journal={Proceedings of the ACM on Programming Languages},
  volume={4},
  number={POPL},
  pages={1--29},
  year={2019},
  publisher={ACM New York, NY, USA}
}


@book{panangaden09,
  title={Labelled Markov Processes},
  author={Panangaden, Prakash},
  year={2009},
  publisher={Imperial College Press}
}


@inproceedings{dahlqvist22,
  title={An Internal Language for Categories Enriched over Generalised Metric Spaces},
  author={Dahlqvist, Fredrik and Neves, Renato},
  booktitle={30th EACSL Annual Conference on Computer Science Logic},
  year={2022}
}
@article{velebil19,
  title={Extending set functors to generalised metric spaces},
  author={Velebil, Ji{\v{r}}{\'\i} and Kurz, Alexander and Balan, Adriana},
  journal={Logical Methods in Computer Science},
  volume={15},
  year={2019},
  publisher={Episciences.org}
}



@incollection{paseka00,
  title={Quantales},
  author={Paseka, Jan and Rosick{\`y}, Ji{\v{r}}{\'\i}},
  booktitle={Current Research in Operational Quantum Logic: Algebras, Categories, Languages},
  pages={245--262},
  year={2000},
  doi="10.1007/978-94-017-1201-9_10",
  publisher={Springer}
}
@book{gierz03,
  title={Continuous lattices and domains},
  author={Gierz, Gerhard and Hofmann, Karl Heinrich and Keimel, Klaus and Lawson, Jimmie D and Mislove, Michael and Scott, Dana S},
  volume={93},
  year={2003},
  publisher={Cambridge university press}
}

@book{JGL-topology,
   author = {Goubault{-}Larrecq, Jean}, 
   month = mar, 
   publisher = {Cambridge University Press}, 
   series = {New Mathematical Monographs}, 
   title = {Non-{H}ausdorff Topology and Domain Theory---Selected Topics in Point-Set Topology}, 
   volume = {22}, 
   year = {2013},
   isbn = {978-1107034136},
   doi={10.1017/CBO9781139524438}
}


@article{DBLP:journals/cacm/Knuth74,
  author    = {Donald E. Knuth},
  title     = {{Computer Programming as an Art}},
  journal   = {Commun. {ACM}},
  volume    = {17},
  number    = {12},
  pages     = {667--673},
  year      = {1974},
  doi       = {10.1145/361604.361612},
  timestamp = {Tue, 07 Jun 2011 16:50:57 +0200},
  biburl    = {http://dblp.uni-trier.de/rec/bib/journals/cacm/Knuth74},
  bibsource = {dblp computer science bibliography, http://dblp.org}
}

@article{DBLP:journals/cacm/Dijkstra68a,
  author    = {Edsger W. Dijkstra},
  title     = {Letters to the editor: go to statement considered harmful},
  journal   = {Commun. {ACM}},
  volume    = {11},
  number    = {3},
  pages     = {147--148},
  year      = {1968},
  doi       = {10.1145/362929.362947},
  timestamp = {Thu, 09 Feb 2006 13:19:49 +0100},
  biburl    = {http://dblp.uni-trier.de/rec/bib/journals/cacm/Dijkstra68a},
  bibsource = {dblp computer science bibliography, http://dblp.org}
}

@book{DBLP:books/mk/GrayR93,
  author    = {Jim Gray and
               Andreas Reuter},
  title     = {Transaction Processing: Concepts and Techniques},
  publisher = {Morgan Kaufmann},
  year      = {1993},
  isbn      = {1-55860-190-2},
  timestamp = {Thu, 05 Nov 2015 19:53:28 +0100},
  biburl    = {http://dblp.uni-trier.de/rec/bib/books/mk/GrayR93},
  bibsource = {dblp computer science bibliography, http://dblp.org}
}



@inproceedings{DBLP:conf/focs/HopcroftPV75,
  author    = {{John E.} Hopcroft and
               {Wolfgang J.} Paul and
               {Leslie G.} Valiant},
  title     = {On Time versus Space and Related Problems},
  booktitle = {16th Annual Symposium on Foundations of Computer Science, Berkeley,
               California, USA, October 13-15, 1975},
  pages     = {57--64},
  year      = {1975},
  crossref  = {DBLP:conf/focs/FOCS16},
  doi       = {10.1109/SFCS.1975.23},
  timestamp = {Tue, 16 Dec 2014 09:57:24 +0100},
  biburl    = {http://dblp.uni-trier.de/rec/bib/conf/focs/HopcroftPV75},
  bibsource = {dblp computer science bibliography, http://dblp.org}
}

@proceedings{DBLP:conf/focs/FOCS16,
  title     = {16th Annual Symposium on Foundations of Computer Science, Berkeley,
               California, USA, October 13-15, 1975},
  publisher = {{IEEE} Computer Society},
  year      = {1975},
  timestamp = {Mon, 15 Dec 2014 18:48:44 +0100},
  biburl    = {http://dblp.uni-trier.de/rec/bib/conf/focs/FOCS16},
  bibsource = {dblp computer science bibliography, http://dblp.org}
}

@book{maclane13,
  title={Categories for the working mathematician},
  author={Mac Lane, Saunders},
  volume={5},
  year={2013},
  publisher={Springer Science \& Business Media}
}
@article{cho15,
  title={An introduction to effectus theory},
  author={Cho, Kenta and Jacobs, Bart and Westerbaan, Bas and Westerbaan, Abraham},
  journal={arXiv preprint arXiv:1512.05813},
  year={2015}
}
@book{johnstone02,
  title={Sketches of an Elephant: A Topos Theory Compendium: Volume 2},
  author={Johnstone, Peter T},
  volume={2},
  year={2002},
  publisher={Oxford University Press}
}
@article{selinger04,
  title={Towards a quantum programming language},
  author={Selinger, Peter},
  journal={Mathematical Structures in Computer Science},
  volume={14},
  number={4},
  pages={527--586},
  year={2004},
  publisher={Cambridge University Press}
}
@article{bennett1993teleporting,
  title={Teleporting an unknown quantum state via dual classical and Einstein-Podolsky-Rosen channels},
  author={Bennett, Charles H and Brassard, Gilles and Cr{\'e}peau, Claude and Jozsa, Richard and Peres, Asher and Wootters, William K},
  journal={Physical review letters},
  volume={70},
  number={13},
  pages={1895},
  year={1993},
  publisher={APS}
}

@article{briegel1998quantum,
  title={Quantum repeaters: the role of imperfect local operations in quantum communication},
  author={Briegel, H-J and D{\"u}r, Wolfgang and Cirac, Juan I and Zoller, Peter},
  journal={Physical Review Letters},
  volume={81},
  number={26},
  pages={5932},
  year={1998},
  publisher={APS}
}


@article{gottesman1999demonstrating,
  title={Demonstrating the viability of universal quantum computation using teleportation and single-qubit operations},
  author={Gottesman, Daniel and Chuang, Isaac L},
  journal={Nature},
  volume={402},
  number={6760},
  pages={390--393},
  year={1999},
  publisher={Nature Publishing Group UK London}
}

@article{kimble2008quantum,
  title={The quantum internet},
  author={Kimble, H Jeff},
  journal={Nature},
  volume={453},
  number={7198},
  pages={1023--1030},
  year={2008},
  publisher={Nature Publishing Group}
}

@book{helstromQuantumDetectionEstimation1976,
  title = {Quantum {{Detection}} and {{Estimation Theory}}},
  author = {Helstrom},
  year = {1976},
  eprint = {Ne3iT_QLcsMC},
  eprinttype = {googlebooks},
  publisher = {Academic Press},
  abstract = {Quantum Detection and Estimation Theory},
  isbn = {978-0-08-095632-9},
  langid = {english},
  pagetotal = {321},
  keywords = {Computers / Information Theory,Mathematics / General}
}

@article{barnett2009quantum,
  title={Quantum state discrimination},
  author={Barnett, Stephen M and Croke, Sarah},
  journal={Advances in Optics and Photonics},
  volume={1},
  number={2},
  pages={238--278},
  year={2009},
  publisher={Optical Society of America}
}

@article{dahlqvist2023syntactic,
  title = {The Syntactic Side of Autonomous Categories Enriched over Generalised Metric Spaces},
  author={Dahlqvist, Fredrik and Neves, Renato},
  year = {2023},
  journal = {Logical Methods in Computer Science},
  volume = {Volume 19, Issue 4},
  publisher = {Episciences.org},
  issn = {1860-5974},
  doi = {10.46298/lmcs-19(4:31)2023}
}


@book{watrous2018theory,
  title={The theory of quantum information},
  author={Watrous, John},
  year={2018},
  publisher={Cambridge university press},
  doi = {10.1017/9781316848142},
  isbn = {978-1-107-18056-7}
}

@book{nielsen2010quantum,
  title={Quantum computation and quantum information},
  author={Nielsen, Michael A and Chuang, Isaac L},
  year={2010},
  publisher={Cambridge university press},
  doi = {10.1017/CBO9780511976667},
  isbn = {9780511976667}
}

@article{salles2008experimental,
  title={Experimental investigation of the dynamics of entanglement: Sudden death, complementarity, and continuous monitoring of the environment},
  author={Salles, Alejo and de Melo, Fernando and Almeida, MP and Hor-Meyll, Malena and Walborn, SP and Ribeiro, PH Souto and Davidovich, Luiz},
  journal={Physical Review A},
  doi = {10.1103/PhysRevA.78.022322},
  volume={78},
  number={2},
  pages={022322},
  year={2008},
  publisher={APS}
}

@article{Wang_2011,
doi = {10.1088/0031-8949/83/04/045008},
year = {2011},
month = {mar},
publisher = {},
volume = {83},
number = {4},
pages = {045008},
author = {Jing Wang and Li Jiang and Han Zhang and Hanzhuang Zhang and Liquan Zhang},
title = {Fidelity of structured amplitude-damping channels},
journal = {Physica Scripta}
}

@book{tsybakov2008,
  title = {Introduction to {{Nonparametric Estimation}}},
  author = {Tsybakov, Alexandre B.},
  year = {2008},
  edition = {1},
  publisher = {Springer Publishing Company, Incorporated},
  abstract = {This is a concise text developed from lecture notes and ready to be used for a course on the graduate level. The main idea is to introduce the fundamental concepts of the theory while maintaining the exposition suitable for a first approach in the field. Therefore, the results are not always given in the most general form but rather under assumptions that lead to shorter or more elegant proofs. The book has three chapters. Chapter 1 presents basic nonparametric regression and density estimators and analyzes their properties. Chapter 2 is devoted to a detailed treatment of minimax lower bounds. Chapter 3 develops more advanced topics: Pinskers theorem, oracle inequalities, Stein shrinkage, and sharp minimax adaptivity. This book will be useful for researchers and grad students interested in theoretical aspects of smoothing techniques. Many important and useful results on optimal and adaptive estimation are provided. As one of the leading mathematical statisticians working in nonparametrics, the author is an authority on the subject.},
  isbn = {978-0-387-79051-0},
  pagetotal = {214}
}

@incollection{aliprantisBanachLattices1999,
  title = {Infinite {{Dimensional Analysis}}: {{A Hitchhiker}}’s {{Guide}}},
  author = {Aliprantis, Charalambos D. and Border, Kim C.},
  editor = {Aliprantis, Charalambos D. and Border, Kim C.},
  year = {1999},
  pages = {301--330},
  publisher = {Springer},
  location = {Berlin, Heidelberg},
  doi = {10.1007/978-3-662-03961-8_8},
  url = {https://doi.org/10.1007/978-3-662-03961-8_8},
  isbn = {978-3-662-03961-8}
}

@article{choSemanticsQuantumProgramming2016,
  title = {Semantics for a {{Quantum Programming Language}} by {{Operator Algebras}}},
  author = {Cho, Kenta},
  year = {2016},
  journaltitle = {New Generation Computing},
  shortjournal = {New Gener. Comput.},
  volume = {34},
  number = {1},
  pages = {25--68},
  issn = {1882-7055},
  doi = {10.1007/s00354-016-0204-3}
}

@book{paulsenCompletelyBoundedMaps2003,
  title = {Completely {{Bounded Maps}} and {{Operator Algebras}}},
  author = {Paulsen, Vern},
  year = {2003},
  series = {Cambridge {{Studies}} in {{Advanced Mathematics}}},
  publisher = {Cambridge University Press},
  location = {Cambridge},
  doi = {10.1017/CBO9780511546631},
  isbn = {978-0-521-81669-4}}

@book{effrosOperatorSpaces2000,
  title = {Operator {{Spaces}}},
  author = {Effros, Edward G. and Ruan, Zhong-Jin},
  year = {2000},
  publisher = {Clarendon Press},
  isbn = {978-0-19-853482-2},
  pagetotal = {388}
}

@mastersthesis{Cho2014,
  author  = {Kenta Cho},
  title   = {Semantics for a Quantum Programming Language by Operator Algebras},
  school  = {The University of Tokyo},
  year    = {2014},
  month   = {Feb},
  note    = {Master's thesis}
}

@book{pisierIntroductionOperatorSpace2003,
  title = {Introduction to {{Operator Space Theory}}},
  author = {Pisier, Gilles},
  year = {2003},
  series = {London {{Mathematical Society Lecture Note Series}}},
  publisher = {Cambridge University Press},
  location = {Cambridge},
  doi = {10.1017/CBO9781107360235},
  isbn = {978-0-521-81165-1}
}



@online{westerbaanCategoryNeumannAlgebras2019,
  title = {The {{Category}} of {{Von Neumann Algebras}}},
  author = {Westerbaan, Abraham A.},
  year = {2019},
  eprint = {1804.02203},
  eprinttype = {arXiv},
  eprintclass = {math},
  doi = {10.48550/arXiv.1804.02203},
  pubstate = {prepublished}
}

@article{venegasQuantumWalksComprehensive2012,
  title = {Quantum Walks: A Comprehensive Review},
  author = {Venegas-Andraca, Salvador Elías},
  year = {2012},
  journal = {Quantum Information Processing},
  volume = {11},
  number = {5},
  pages = {1015--1106},
  issn = {1573-1332},
  doi = {10.1007/s11128-012-0432-5}
}

@book{heinosaariMathematicalLanguageQuantum2011,
  title = {The {{Mathematical Language}} of {{Quantum Theory}}: {{From Uncertainty}} to {{Entanglement}}},
  shorttitle = {The {{Mathematical Language}} of {{Quantum Theory}}},
  author = {Heinosaari, Teiko and Ziman, Mário},
  year = {2011},
  publisher = {Cambridge University Press},
  location = {Cambridge},
  doi = {10.1017/CBO9781139031103},
  isbn = {978-0-521-19583-6}
}

@book{romanAdvancedLinearAlgebra1992,
  title = {Advanced {{Linear Algebra}}},
  author = {Roman, Steven},
  year = {1992},
  series = {Graduate {{Texts}} in {{Mathematics}}},
  volume = {135},
  publisher = {Springer},
  location = {New York, NY},
  doi = {10.1007/978-1-4757-2178-2},
  isbn = {978-1-4757-2180-5 978-1-4757-2178-2}
}

@book{pedersenAnalysisNow1989,
  title = {Analysis {{Now}}},
  author = {Pedersen, Gert K.},
  year = {1989},
  series = {Graduate {{Texts}} in {{Mathematics}}},
  volume = {118},
  publisher = {Springer},
  location = {New York, NY},
  doi = {10.1007/978-1-4612-1007-8},
  isbn = {978-1-4612-6981-6 978-1-4612-1007-8}
}

@book{conwayCourseOperatorTheory2000,
  title = {A {{Course}} in {{Operator Theory}}},
  author = {Conway, John B.},
  year = {2000},
  publisher = {American Mathematical Society},
  location = {Providence (R.I.)},
  isbn = {978-0-8218-2065-0},
  langid = {english},
  pagetotal = {372}
}

@book{sakaiCAlgebrasWAlgebras1998,
  title = {C*-{{Algebras}} and {{W}}*-{{Algebras}}},
  author = {Sakai, Shôichirô},
  year = {1998},
  series = {Classics in {{Mathematics}}},
  volume = {60},
  publisher = {Springer},
  location = {Berlin, Heidelberg},
  doi = {10.1007/978-3-642-61993-9},
  isbn = {978-3-540-63633-5 978-3-642-61993-9}
}

@book{takesakiTheoryOperatorAlgebras1979,
  title = {Theory of {{Operator Algebras I}}},
  editor = {Takesaki, Masamichi},
  year = {1979},
  publisher = {Springer},
  location = {New York, NY},
  doi = {10.1007/978-1-4612-6188-9},
  isbn = {978-1-4612-6190-2 978-1-4612-6188-9},
  langid = {english}
}

@book{pisierTensorProductsCAlgebras2020,
  title = {Tensor {{Products}} of {{C}}*-{{Algebras}} and {{Operator Spaces}}: {{The Connes}}–{{Kirchberg Problem}}},
  shorttitle = {Tensor {{Products}} of {{C}}*-{{Algebras}} and {{Operator Spaces}}},
  author = {Pisier, Gilles},
  year = {2020},
  series = {London {{Mathematical Society Student Texts}}},
  publisher = {Cambridge University Press},
  location = {Cambridge},
  doi = {10.1017/9781108782081},
  isbn = {978-1-108-47901-1}
}

@article{preskill2018quantum,
  title={Quantum computing in the NISQ era and beyond},
  author={Preskill, John},
  journal={Quantum},
  volume={2},
  pages={79},
  year={2018},
  publisher={Verein zur F{\"o}rderung des Open Access Publizierens in den Quantenwissenschaften}
}

@inproceedings{mardare2016quantitative,
  title={Quantitative algebraic reasoning},
  author={Mardare, Radu and Panangaden, Prakash and Plotkin, Gordon},
  booktitle={Proceedings of the 31st Annual ACM/IEEE Symposium on Logic in Computer Science},
  pages={700--709},
  year={2016}
}

@inproceedings{mardare2017axiomatizability,
  title={On the axiomatizability of quantitative algebras},
  author={Mardare, Radu and Panangaden, Prakash and Plotkin, Gordon},
  booktitle={2017 32nd Annual ACM/IEEE Symposium on Logic in Computer Science (LICS)},
  pages={1--12},
  year={2017},
  organization={IEEE}
}

Internal
@article{mackieLanguageAutonomous1993,
  title = {An Internal Language for Autonomous Categories},
  author = {Mackie, Ian and Román, Leopoldo and Abramsky, Samson},
  year = {1993},
  journaltitle = {Applied Categorical Structures},
  shortjournal = {Appl Categor Struct},
  volume = {1},
  number = {3},
  pages = {311--343},
  issn = {1572-9095},
  doi = {10.1007/BF00873993}
}

@book{croleCategoriesTypes1994,
  title = {Categories for {{Types}}},
  author = {Crole, Roy L.},
  year = {1994},
  publisher = {Cambridge University Press},
  location = {Cambridge},
  doi = {10.1017/CBO9781139172707}
}

@article{vanbreugelIntroductionMetricSemantics2001,
  title = {An Introduction to Metric Semantics: Operational and Denotational Models for Programming and Specification Languages},
  shorttitle = {An Introduction to Metric Semantics},
  author = {family=Breugel, given=Franck, prefix=van, useprefix=true},
  year = {2001-05-06},
  journal = {Theoretical Computer Science},
  volume = {258},
  number = {1},
  pages = {1--98},
  issn = {0304-3975},
  doi = {10.1016/S0304-3975(00)00403-5}
}

@inproceedings{crubilleMetricReasoninglambda2017,
  title = {Metric {{Reasoning About}} \$\$\textbackslash lambda \$\$-{{Terms}}: {{The General Case}}},
  shorttitle = {Metric {{Reasoning About}} \$\$\textbackslash lambda \$\$-{{Terms}}},
  booktitle = {Programming {{Languages}} and {{Systems}}},
  author = {Crubillé, Raphaëlle and Dal Lago, Ugo},
  editor = {Yang, Hongseok},
  year = {2017},
  pages = {341--367},
  publisher = {Springer},
  location = {Berlin, Heidelberg},
  doi = {10.1007/978-3-662-54434-1_13},
  isbn = {978-3-662-54434-1}
}

@online{PDFQuantitativeMonoidal2025,
  title = {({{PDF}}) {{Quantitative Monoidal Algebra}}: {{Axiomatising Distance}} with {{String Diagrams}}},
  shorttitle = {({{PDF}}) {{Quantitative Monoidal Algebra}}},
  year = {2025},
  doi = {10.48550/arXiv.2410.09229},
  langid = {english},
  organization = {ResearchGate}
}

@inproceedings{crubilleMetricReasoningLterms2015,
  title = {Metric Reasoning about {Lambda}-Terms: {{The}} Affine Case},
  shorttitle = {Metric Reasoning about {Lambda}-Terms},
  booktitle = {2015 30th {{Annual ACM}}/{{IEEE Symposium}} on {{Logic}} in {{Computer Science}}},
  author = {Crubillé, Raphaëlle and Dal Lago, Ugo},
  year = {2015},
  pages = {633--644},
  issn = {1043-6871},
  doi = {10.1109/LICS.2015.64}
}

@inproceedings{pistoneGeneralizedMetricSpaces2021,
  title = {On Generalized Metric Spaces for the Simply Typed Lambda-Calculus},
  booktitle = {Proceedings of the 36th {{Annual ACM}}/{{IEEE Symposium}} on {{Logic}} in {{Computer Science}}},
  author = {Pistone, Paolo},
  year = {2021},
  series = {{{LICS}} '21},
  pages = {1--14},
  publisher = {Association for Computing Machinery},
  location = {New York, NY, USA},
  doi = {10.1109/LICS52264.2021.9470696},
  isbn = {978-1-66544-895-6}
}

@article{dahlqvistCompleteVEquationalSystem2023,
  title = {A {{Complete V-Equational System}} for {{Graded}} Lambda-{{Calculus}}},
  author = {Dahlqvist, Fredrik and Neves, Renato},
  year = {2023},
  journaltitle = {Electronic Notes in Theoretical Informatics and Computer Science},
  volume = {Volume 3 - Proceedings of MFPS XXXIX},
  publisher = {Episciences.org},
  issn = {2969-2431},
  doi = {10.46298/entics.12299}
}

@article{hung2019quantitative,
  title={Quantitative robustness analysis of quantum programs},
  author={Hung, Shih-Han and Hietala, Kesha and Zhu, Shaopeng and Ying, Mingsheng and Hicks, Michael and Wu, Xiaodi},
  journal={Proceedings of the ACM on Programming Languages},
  volume={3},
  number={POPL},
  pages={1--29},
  year={2019},
  doi = {10.1145/3290344},
  publisher={ACM New York, NY, USA}
}


@inproceedings{tao2021gleipnir,
  title = {Gleipnir: Toward Practical Error Analysis for {{Quantum}} Programs},
  shorttitle = {Gleipnir},
  booktitle = {Proceedings of the 42nd {{ACM SIGPLAN International Conference}} on {{Programming Language Design}} and {{Implementation}}},
  author = {Tao, Runzhou and Shi, Yunong and Yao, Jianan and Hui, John and Chong, Frederic T. and Gu, Ronghui},
  year = {2021},
  series = {{{PLDI}} 2021},
  pages = {48--64},
  publisher = {Association for Computing Machinery},
  location = {New York, NY, USA},
  doi = {10.1145/3453483.3454029},
  isbn = {978-1-4503-8391-2}
}


@book{barrCategoryTheoryComputing1990,
  title = {Category {{Theory}} for {{Computing Science}}},
  author = {Barr, Michael and Wells, Charles},
  year = {1990},
  publisher = {Prentice Hall},
  isbn = {978-0-13-120486-7},
  pagetotal = {456}
}



@book{guide2006infinite,
  title = {Infinite {{Dimensional Analysis}}: {{A Hitchhiker}}'s {{Guide}}},
  shorttitle = {Infinite {{Dimensional Analysis}}},
  author = {Aliprantis, Charalambos D. and Border, Kim C.},
  year = {2006},
  publisher = {Springer Science \& Business Media},
  isbn = {978-3-540-32696-0},
  langid = {english},
  pagetotal = {732}
}

@inproceedings{selinger2004towards,
  title={Towards a semantics for higher-order quantum computation},
  author={Selinger, Peter},
  booktitle={Proceedings of the 2nd International Workshop on Quantum Programming Languages, TUCS General Publication},
  volume={33},
  pages={127--143},
  year={2004},
  organization={Citeseer}
}
